@article{nome2023,
title={Título},
author={Sobrenome, Nome and Sobrenome, Nome and Sobrenome, Nome and 
Sobrenome, Nome and Sobrenome, Nome},
journal={Periódico},
volume={XX},
number={X},
pages={XXX-XXX},
year={2023},
}
